@online{電子帳簿保存法,
  title = {電子帳簿保存制度特設サイト},
  organization = {国税庁},
  url = {https://www.nta.go.jp/law/joho-zeikaishaku/sonota/jirei/tokusetsu/index.htm},
  note = {アクセス日: 2024/01/28}
}

@online{デジタルデータの経済的価値の計測と活用の現状に関する調査研究,
  title = {令和2年版 情報通信白書},
  organization = {総務省},
  url = {https://www.soumu.go.jp/johotsusintokei/whitepaper/ja/r02/html/nd132110.html},
  note = {アクセス日: 2024/02/02}
}

@online{文書管理実態調査2023,
  title = {デジタル化、進んでる？ 文書管理実態調査2023},
  author = {Biz Clip},
  url = {https://www.bizclip.ntt-west.co.jp/articles/bcl00014-039.html},
  note = {アクセス日: 2024/02/02}
}

@article{電子フォーム,
  title = {電子フォームを用いた申請書処理の効率化},
  author = {曽根直人 and 林秀彦 and 菊地章},
  journal = {鳴門教育大学情報教育ジャーナル},
  volume = {5},
  pages = {29-34},
  year = {2008}
}

@online{i-Reporter,
  title = {【i-Reporter】シェアNo.1の現場帳票電子化システム - 多彩な機能の現場帳票システム},
  url = {https://i-reporter.jp/},
  note = {アクセス日: 2024/01/28}
}

@online{Create!Form,
  title = {帳票ツールのCreate!Form | インフォテック株式会社},
  url = {https://www.createform.jp/},
  note = {アクセス日: 2024/01/28}
}

@online{電子文書と電子化文書,
  title = {電子文書とは？電子化文書の比較とメリット、注意点を解説！},
  organization = {株式会社マネーフォワード},
  url = {https://biz.moneyforward.com/contract/basic/2035/},
  note = {アクセス日: 2024/01/09}
}

@online{バリデーションチェック,
  title = {バリデーション},
  organization = {ZDNET Japan},
  url = {https://japan.zdnet.com/glossary/exp/バリデーション/?s=4}
}

@online{OpenCV,
  title = {opencv},
  url = {https://github.com/opencv/opencv/blob/master/LICENSE},
  note = {アクセス日: 2024/01/09}
}

@online{getStructuringElement関数,
  title = {画像フィルタリング — opencv 2.2 documentation},
  organization = {OpenCV.jp},
  url = {http://opencv.jp/opencv-2svn/cpp/image_filtering.html},
  note = {アクセス日: 2024/01/15}
}

@online{ガウシアンフィルタ,
  title = {画像の平滑化},
  organization = {鳥取大学 OpenCV-Pythonチュートリアル},
  url = {http://labs.eecs.tottori-u.ac.jp/sd/Member/oyamada/OpenCV/html/py_tutorials/py_imgproc/py_filtering/py_filtering.html},
  note = {アクセス日: 2024/01/10}
}

@article{大津の二値化,
  title = {認識問題としての二値化と各種方法の検討},
  author = {大津展之},
  journal = {1980年電子情報通信学会論文誌},
  volume = {Vol.J63-D},
  number = {No.4},
  pages = {349-356},
  year = {1980}
}

@online{画素値,
  title = {8ビットと16ビットイメージ},
  organization = {MathWorks},
  url = {https://jp.mathworks.com/help/matlab/creating_plots/working-with-8-bit-and-16-bit-images.html},
  note = {アクセス日: 2024/01/11}
}

@online{膨張処理,
  title = {モルフォロジー演算のタイプ},
  organization = {MathWorks},
  url = {https://jp.mathworks.com/help/images/morphological-dilation-and-erosion.html},
  note = {アクセス日: 2024/01/10}
}

@online{エッジ検出,
  title = {Edge Detection Using OpenCV},
  organization = {LearnOpenCV},
  url = {https://learnopencv.com/edge-detection-using-opencv/},
  note = {アクセス日: 2024/01/10}
}

@online{Canny法,
  title = {Canny法によるエッジ検出},
  organization = {鳥取大学 OpenCV-Pythonチュートリアル},
  url = {http://labs.eecs.tottori-u.ac.jp/sd/Member/oyamada/OpenCV/html/py_tutorials/py_imgproc/py_canny/py_canny.html},
  note = {アクセス日: 2024/01/10}
}

@online{輪郭検出,
  title = {輪郭: 初めの一歩},
  organization = {鳥取大学 OpenCV-Pythonチュートリアル},
  url = {http://labs.eecs.tottori-u.ac.jp/sd/Member/oyamada/OpenCV/html/py_tutorials/py_imgproc/py_contours/py_contours_begin/py_contours_begin.html#contours-getting-started},
  note = {アクセス日: 2024/01/28}
}

@online{ハフ変換,
  title = {ハフ変換},
  organization = {MathWorks},
  url = {https://jp.mathworks.com/discovery/image-transform.html},
  note = {アクセス日: 2024/01/28}
}

@online{HoughLinesP関数の引数,
  title = {Feature Detection},
  organization = {OpenCV},
  url = {https://docs.opencv.org/3.4/dd/d1a/group__imgproc__feature.html#ga8618180a5948286384e3b7ca02f6feeb},
  note = {アクセス日: 2024/01/28}
}

@online{輪郭描画,
  title = {OpenCV: Contours : Getting Started},
  organization = {OpenCV},
  url = {https://docs.opencv.org/3.4/d4/d73/tutorial_py_contours_begin.html},
  note = {アクセス日: 2024/01/28}
}

@inproceedings{DeblurGANv2,
  title = {DeblurGAN-v2: Deblurring (Orders-of-Magnitude) Faster and Better},
  author = {Orest Kupyn and Tetiana Martyniuk and Junru Wu and Zhangyang Wang},
  booktitle = {The IEEE International Conference on Computer Vision (ICCV)},
  pages = {8878-8887},
  year = {2019}
}

@online{Tesseract-OCR,
  title = {tesseract},
  organization = {Tesseract-OCR},
  url = {https://github.com/tesseract-ocr/tesseract},
  note = {アクセス日: 2024/01/29}
}

@article{DeblurGANv2の先行研究,
  title = {Improving optical character recognition accuracy for Indonesia identification card using generative adversarial network},
  author = {Emilda Zhang and Vincent Ardyan Putra and Gede Putra Kusuma},
  journal = {Journal of Theoretical and Applied Information Technology},
  volume = {Vol.100},
  number = {8},
  pages = {2424-2437},
  year = {2022}
}

@article{光学文字認識,
  title = {本の厚みによる歪みを考慮した光学文字認識},
  author = {比留川翔哉 and 丸山一貴},
  booktitle = {情報処理学会 第60回プログラミング・シンポジウム},
  pages = {81-86},
  year = {2019}
}

@online{光学文字認識ソフトウェア,
  title = {OCR (光学文字認識) とは},
  organization = {Amazon Web Services},
  url = {https://aws.amazon.com/jp/what-is/ocr/},
  note = {アクセス日: 2024/01/29}
}

@online{Python,
  title = {Python 3.7.10},
  organization = {Python},
  url = {https://www.python.org/downloads/release/python-3710/},
  note = {アクセス日: 2024/01/29}
}

@online{PyOCR,
  title = {pyocr},
  organization = {pyocr},
  url = {https://gitlab.gnome.org/World/OpenPaperwork/pyocr},
  note = {アクセス日: 2024/01/29}
}

@online{Mecab,
  title = {MeCab: Yet Another Part-of-Speech and Morphological Analyzer},
  organization = {GitHub Pages},
  url = {https://taku910.github.io/mecab/},
  note = {アクセス日: 2024/01/29}
}

@inproceedings{Fugashi,
  title = {fugashi, a Tool for Tokenizing Japanese in Python},
  author = {McCann, Paul},
  booktitle = {Proceedings of Second Workshop for NLP Open Source Software (NLP-OSS)},
  pages = {44-51},
  year = {2020}
}

@online{UniDic,
  title = {「UniDic」国語研短単位自動解析用辞書},
  organization = {言語資源開発センター},
  url = {https://clrd.ninjal.ac.jp/unidic/},
  note = {アクセス日: 2024/01/29}
}

@online{UniDic品詞体系,
  title = {UniDic version 1.3.9 ユーザーズマニュアル},
  organization = {言語資源開発センター},
  url = {https://clrd.ninjal.ac.jp/unidic/UNIDIC_manual.pdf},
  note = {アクセス日: 2024/01/09}
}

@online{Llama2,
  title = {Llama2 - Meta AI},
  organization = {Meta AI},
  url = {https://ai.meta.com/llama/},
  note = {アクセス日: 2024/01/29}
}

@online{Youri,
  title = {rinna、Llama 2の日本語継続事前学習モデル「Youri 7B」を公開},
  organization = {rinna},
  url = {https://rinna.co.jp/news/2023/10/20231031.html},
  note = {アクセス日: 2024/01/09}
}

@article{IoU閾値,
  title = {深層学習を用いた鋼骨組構造における出来形検出に関する基礎的検討},
  author = {井筒竜宇 and 矢吹信喜 and 福田知弘},
  journal = {土木学会論文集F3(土木情報学)},
  volume = {Vol.75},
  number = {2},
  pages = {94-105},
  year = {2019}
}

@online{Photolize,
  title = {Photolize（フォトライズ）},
  organization = {photolize.jp},
  url = {https://photolize.jp/},
  note = {アクセス日: 2024/01/29}
}

@online{kintone,
  title = {kintone},
  organization = {kintone（キントーン）},
  url = {https://kintone.cybozu.co.jp/},
  note = {アクセス日: 2024/02/02}
}

@online{PrintCreator,
  title = {PrintCreator},
  organization = {トヨクモ},
  url = {https://pc.kintoneapp.com/?gad_source=1&gclid=Cj0KCQiAwvKtBhDrARIsAJj-kTj_rrNpIWvq3s2vrW5tr-W9W0XDJ0ZkJM-nKnUcZjjxn130_vxpHbcaAlEnEALw_wcB},
  note = {アクセス日: 2024/02/03}
}

@online{k-Report,
  title = {k-Report | kintoneに高機能帳票機能を},
  organization = {k-report.work},
  url = {https://k-report.work/},
  note = {アクセス日: 2024/02/03}
}
